@misc{nakamoto2008bitcoin,
  title={Bitcoin: A Peer-to-Peer Electronic Cash System},
  author={Nakamoto, Satoshi},
  year={2008},
}

@misc{buterin2014ethereum,
  title={Ethereum Whitepaper},
  author={Buterin, Vitalik},
  year={2014},
}

@misc{wood2014ethereum,
  title={Ethereum: A Secure Decentralised Generalised Transaction Ledger},
  author={Wood, Gavin},
  year={2014},
}

@misc{etherscan2023,
  title={Ethereum Block Explorer},
  howpublished={\url{https://etherscan.io}},
  organization={Etherscan.io},
  year={2023},
}

@misc{ethereumfoundation2020,
  title={Ethereum 2.0 Specifications},
  author={{Ethereum Foundation}},
  year={2020},
}

@article{daian2019flash,
  title={Flash Boys 2.0: Frontrunning in Decentralized Exchanges, Miner Extractable Value, and Consensus Instability},
  author={Daian, Philip and Goldfeder, Steven and Kell, Tyler and Li, Yunqi and Zhao, Xueyuan and Bentov, Iddo and others},
  journal={},
  year={2019},
}

@article{qin2020quantifying,
  title={Quantifying Blockchain Extractable Value: How Dark Is the Forest?},
  author={Qin, Kaihua and Zhou, Liyi and Livshits, Benjamin and Gervais, Arthur},
  journal={},
  year={2020},
}

@misc{buterin2021rollup,
  title={A Rollup-Centric Ethereum Roadmap},
  author={Buterin, Vitalik},
  year={2021},
}

@misc{eipgithub,
  title={Ethereum Improvement Proposals (EIPs)},
  howpublished={\url{https://github.com/ethereum/EIPs}},
  organization={GitHub},
  year={2023},
}

@article{gudgeon2020sok,
  title={SoK: Layer-Two Blockchain Protocols},
  author={Gudgeon, Lewis and Moreno-Sanchez, Pedro and Roos, Stefanie and McCorry, Patrick and Gervais, Arthur},
  journal={},
  year={2020},
}

@misc{buterin2020ethereum2,
  title={Ethereum 2.0 Specifications},
  author={Buterin, Vitalik and others},
  year={2020},
}


@article{eskandari2019bitcoinkey,
  title={A First Look at the Usability of Bitcoin Key Management},
  author={Eskandari, Shayan and Barrera, David and Stobert, Elizabeth and Clark, Jeremy},
  journal={},
  year={2019},
}

@misc{flashbots2021mev,
  title={Protecting Users from Miner Extractable Value},
  author={{Flashbots}},
  year={2021},
}

@article{bensasson2014zerocash,
  title={Zerocash: Decentralized Anonymous Payments from Bitcoin},
  author={Ben-Sasson, Eli and Chiesa, Alessandro and Genkin, Daniel and Tromer, Eran and Virza, Madars},
  journal={},
  year={2014},
}

@article{bonneau2015bitcoinresearch,
  title={SoK: Research Perspectives and Challenges for Bitcoin and Cryptocurrencies},
  author={Bonneau, Joseph and Miller, Andrew and Clark, Jeremy and Narayanan, Arvind and Kroll, Joshua A. and Felten, Edward W.},
  journal={},
  year={2015},
}

@article{kiayias2017ouroboros,
  title={Ouroboros: A Provably Secure Proof-of-Stake Blockchain Protocol},
  author={Kiayias, Aggelos and Russell, Alexander and David, Bernardo and Oliynykov, Roman},
  journal={},
  year={2017},
}
